<?xml version="1.0" encoding="UTF-8"?><record xmlns="http://www.loc.gov/MARC21/slim" xmlns:cinclude="http://apache.org/cocoon/include/1.0" xmlns:zs="http://www.loc.gov/zing/srw/">
  <leader>00440nz  a2200145n  4500</leader>
  <controlfield tag="001">no2005113279</controlfield>
  <controlfield tag="003">DLC</controlfield>
  <controlfield tag="005">20051201052230.0</controlfield>
  <controlfield tag="008">051130n| acannaabn          |a ana     c</controlfield>
  <datafield tag="010" ind1=" " ind2=" ">
    <subfield code="a">no2005113279</subfield>
  </datafield>
  <datafield tag="035" ind1=" " ind2=" ">
    <subfield code="a">(OCoLC)oca06794113</subfield>
  </datafield>
  <datafield tag="040" ind1=" " ind2=" ">
    <subfield code="a">ICRL</subfield>
    <subfield code="b">eng</subfield>
    <subfield code="c">ICRL</subfield>
  </datafield>
  <datafield tag="110" ind1="2" ind2=" ">
    <subfield code="a">Gay Community Center of Colorado (Denver, Colo.)</subfield>
  </datafield>
  <datafield tag="410" ind1="2" ind2=" ">
    <subfield code="a">GCCC</subfield>
  </datafield>
  <datafield tag="670" ind1=" " ind2=" ">
    <subfield code="a">Gaynin', May 1980:</subfield>
    <subfield code="b">t.p.  (Gay Community Center of Colorado, Inc.; Denver) p. 5, etc. (GCCC)</subfield>
  </datafield>
</record>